@BOOK{Smith:2012qr,
	title = {{B}ook {T}itle},
	publisher = {Publisher},
	author = {Smith, J.~M. and Jones, A.~B.},
	year = {2012},
	edition = {7th},
}

@ARTICLE{Smith:2013jd,
	author = {Jones, A.~B. and Smith, J.~M.},
	title = {{A}rticle {T}itle},
	journal = {{J}ournal {T}itle},
	year = {2013},
	volume = {13},
	pages = {123-456},
	number = {52},
	month = {March},
	publisher = {Publisher}
}

@article{molina2017high,
  title={High Current Density Electrical Breakdown of TiS3 Nanoribbon-Based Field-Effect Transistors},
  author={Molina-Mendoza, Aday J and Island, Joshua O and Paz, Wendel S and Clamagirand, Jose Manuel and Ares, Jose Ram{\'o}n and Flores, Eduardo and Leardini, Fabrice and S{\'a}nchez, Carlos and Agra{\"\i}t, Nicol{\'a}s and Rubio-Bollinger, Gabino and others},
  journal={Advanced Functional Materials},
  volume={27},
  number={13},
  pages={1605647},
  year={2017},
  publisher={Wiley Online Library}
}

@incollection{geim2010rise,
  title={The rise of graphene},
  author={Geim, Andre K and Novoselov, Konstantin S},
  booktitle={Nanoscience and technology: a collection of reviews from nature journals},
  pages={11--19},
  year={2010},
  publisher={World Scientific}
}

@article{giannozzi2009quantum,
  title={QUANTUM ESPRESSO: a modular and open-source software project for quantum simulations of materials},
  author={Giannozzi, Paolo and Baroni, Stefano and Bonini, Nicola and Calandra, Matteo and Car, Roberto and Cavazzoni, Carlo and Ceresoli, Davide and Chiarotti, Guido L and Cococcioni, Matteo and Dabo, Ismaila and others},
  journal={Journal of physics: Condensed matter},
  volume={21},
  number={39},
  pages={395502},
  year={2009},
  publisher={IOP Publishing}
}






